<?xml version="1.0" encoding="UTF-8"?><collection xmlns="http://www.loc.gov/MARC21/slim"><record><leader>00415nam--2200145-i-4500</leader><controlfield tag="001">000013568</controlfield><controlfield tag="002">20161230</controlfield><controlfield tag="005">20170305203148</controlfield><controlfield tag="008">060222s1000------------r-----000-0-eng-d</controlfield><datafield ind1=" " ind2=" " tag="245"><subfield code="a">Dispersion atmospherique et choix des sites de centrales nucleaires. Guide de surete</subfield></datafield><datafield ind1=" " ind2=" " tag="260"><subfield code="a">Vienne</subfield><subfield code="b">Aiea</subfield><subfield code="c">1981</subfield></datafield><datafield ind1=" " ind2=" " tag="300"><subfield code="a">115 p</subfield></datafield><datafield ind1=" " ind2=" " tag="490"><subfield code="a">Collection Securite</subfield></datafield><datafield ind1=" " ind2=" " tag="852"><subfield code="a">621.039.58(047.3)</subfield></datafield><datafield ind1=" " ind2=" " tag="CAT"><subfield code="a">SYS</subfield><subfield code="c">20170305</subfield><subfield code="h">203148</subfield></datafield></record></collection>